@book{dbsys,
    author    = {Thomas M. Connolly and Carolyn E. Begg},
    title     = {Database Systems - A Practical Approach to Design, Implementation, and Management},
    year      = 2015,
    edition   = 6,
    isbn      = {1-292-06118-9},
    publisher = {Pearson Education Limited}
}